<record><leader>00000cas a22000007a 4500</leader><controlfield tag="001">17961544</controlfield><controlfield tag="008">880517d18821924gauwr ne      0    0eng d</controlfield><datafield ind1=" " ind2=" " tag="010"><subfield code="a">sn 90052199 </subfield></datafield><datafield ind1=" " ind2=" " tag="040"><subfield code="a">GUA</subfield><subfield code="b">eng</subfield><subfield code="c">GUA</subfield><subfield code="d">NLG</subfield><subfield code="d">GUA</subfield><subfield code="d">OCLCG</subfield><subfield code="d">OCLCQ</subfield><subfield code="d">OCLCF</subfield><subfield code="d">OCLCO</subfield></datafield><datafield ind1="1" ind2=" " tag="029"><subfield code="a">AU@</subfield><subfield code="b">000025856093</subfield></datafield><datafield ind1=" " ind2=" " tag="042"><subfield code="a">msc</subfield></datafield><datafield ind1=" " ind2=" " tag="043"><subfield code="a">n-us-ga</subfield></datafield><datafield ind1="0" ind2=" " tag="130"><subfield code="a">Columbia sentinel (Harlem, Ga.)</subfield></datafield><datafield ind1="1" ind2="4" tag="245"><subfield code="a">The Columbia sentinel.</subfield></datafield><datafield ind1=" " ind2=" " tag="260"><subfield code="a">Harlem, Ga. :</subfield><subfield code="b">Bollarel &amp; Atkinson,</subfield><subfield code="c">[1882-1924]</subfield></datafield><datafield ind1=" " ind2=" " tag="300"><subfield code="a">v.</subfield></datafield><datafield ind1=" " ind2=" " tag="310"><subfield code="a">Weekly,</subfield><subfield code="b">&lt;Jan. 7, 1909-Aug. 6, 1923&gt;</subfield></datafield><datafield ind1=" " ind2=" " tag="321"><subfield code="a">Weekly,</subfield><subfield code="b">&lt;Feb. 4, 1886&gt;-Mar. 24, 1887</subfield></datafield><datafield ind1=" " ind2=" " tag="321"><subfield code="a">Semiweekly,</subfield><subfield code="b">Mar. 29, 1887-&lt;Dec. 27, 1887&gt;</subfield></datafield><datafield ind1="1" ind2=" " tag="362"><subfield code="a">Began in 1882; ceased in 1924.</subfield></datafield><datafield ind1=" " ind2=" " tag="500"><subfield code="a">Published in Harlem, Ga. &lt;1882&gt;-Sept. 27, 1920; in Thomson, Ga. Oct. 4, 1920-&lt;1924&gt;.</subfield></datafield><datafield ind1=" " ind2=" " tag="500"><subfield code="a">Editors: June 1916-July 1919 E.H. Miller; Aug. 1919/1922, v. 37/40 T.E. Watson; 1923- v. 41- G.C. Edmondson.</subfield></datafield><datafield ind1=" " ind2=" " tag="530"><subfield code="a">Also on microfilm: Athens, Ga. : University of Georgia Libraries.</subfield></datafield><datafield ind1=" " ind2=" " tag="588"><subfield code="a">Description based on: Vol. 4, no. 19 (Feb. 4, 1896).</subfield></datafield><datafield ind1=" " ind2="0" tag="651"><subfield code="a">Harlem (Ga.)</subfield><subfield code="v">Newspapers.</subfield></datafield><datafield ind1=" " ind2="0" tag="651"><subfield code="a">Columbia County (Ga.)</subfield><subfield code="v">Newspapers.</subfield></datafield><datafield ind1=" " ind2="7" tag="655"><subfield code="a">Newspapers.</subfield><subfield code="2">fast</subfield><subfield code="0">(OCoLC)fst01423814</subfield></datafield><datafield ind1=" " ind2="7" tag="651"><subfield code="a">Georgia</subfield><subfield code="z">Columbia County.</subfield><subfield code="2">fast</subfield><subfield code="0">(OCoLC)fst01207365</subfield></datafield><datafield ind1=" " ind2="7" tag="651"><subfield code="a">Georgia</subfield><subfield code="z">Harlem.</subfield><subfield code="2">fast</subfield><subfield code="0">(OCoLC)fst01226626</subfield></datafield><datafield ind1="1" ind2=" " tag="700"><subfield code="a">Watson, Thomas E.</subfield><subfield code="q">(Thomas Edward),</subfield><subfield code="d">1856-1922.</subfield></datafield><datafield ind1=" " ind2=" " tag="752"><subfield code="a">United States</subfield><subfield code="b">Georgia</subfield><subfield code="c">McDuffie</subfield><subfield code="d">Thomson.</subfield></datafield><datafield ind1=" " ind2=" " tag="752"><subfield code="a">United States</subfield><subfield code="b">Georgia</subfield><subfield code="c">Columbia.</subfield></datafield></record>